<record><leader>00000cas a2200000 a 4500</leader><controlfield tag="001">27463963</controlfield><controlfield tag="008">930218d19921995azudr ne      0   a0eng c</controlfield><datafield ind1=" " ind2=" " tag="010"><subfield code="a">sn 93003793 </subfield></datafield><datafield ind1=" " ind2=" " tag="040"><subfield code="a">NSD</subfield><subfield code="b">eng</subfield><subfield code="c">NSD</subfield><subfield code="d">ANN</subfield><subfield code="d">NSD</subfield><subfield code="d">ANN</subfield><subfield code="d">OCLCQ</subfield><subfield code="d">OCLCO</subfield></datafield><datafield ind1=" " ind2=" " tag="012"><subfield code="j">0</subfield><subfield code="m">d</subfield></datafield><datafield ind1="1" ind2=" " tag="022"><subfield code="a">1068-1876</subfield><subfield code="l">1068-1876</subfield><subfield code="y">0899-6687</subfield><subfield code="2">1</subfield></datafield><datafield ind1="1" ind2=" " tag="029"><subfield code="a">AU@</subfield><subfield code="b">000020714999</subfield></datafield><datafield ind1=" " ind2=" " tag="042"><subfield code="a">nsdp</subfield><subfield code="a">pcc</subfield></datafield><datafield ind1=" " ind2=" " tag="043"><subfield code="a">n-us-az</subfield></datafield><datafield ind1=" " ind2="0" tag="222"><subfield code="a">Today's daily news</subfield></datafield><datafield ind1="0" ind2="0" tag="245"><subfield code="a">Today's daily news.</subfield></datafield><datafield ind1=" " ind2=" " tag="260"><subfield code="a">Lake Havasu City, Ariz. :</subfield><subfield code="b">Today's Daily News,</subfield><subfield code="c">1992-1995.</subfield></datafield><datafield ind1=" " ind2=" " tag="300"><subfield code="a">v. :</subfield><subfield code="b">ill.</subfield></datafield><datafield ind1=" " ind2=" " tag="310"><subfield code="a">Daily</subfield></datafield><datafield ind1="1" ind2=" " tag="362"><subfield code="a">Began Sept. 9, 1992.</subfield></datafield><datafield ind1="0" ind2=" " tag="362"><subfield code="a">-v. 14, no. 174 (Aug. 31, 1995).</subfield></datafield><datafield ind1=" " ind2=" " tag="580"><subfield code="a">Merged with: Daily herald (Lake Havasu City, Ariz.), to form: Today's news-herald.</subfield></datafield><datafield ind1=" " ind2=" " tag="588"><subfield code="a">Description based on: Vol. 12, no. 10 (Jan. 14, 1993).</subfield></datafield><datafield ind1=" " ind2="0" tag="651"><subfield code="a">Lake Havasu City (Ariz.)</subfield><subfield code="v">Newspapers.</subfield></datafield><datafield ind1=" " ind2="0" tag="651"><subfield code="a">Mohave County (Ala.)</subfield><subfield code="v">Newspapers.</subfield></datafield><datafield ind1=" " ind2=" " tag="752"><subfield code="a">United States</subfield><subfield code="b">Arizona</subfield><subfield code="c">Mohave</subfield><subfield code="d">Lake Havasu City.</subfield></datafield><datafield ind1="0" ind2="0" tag="780"><subfield code="t">Today news</subfield><subfield code="x">0899-6687</subfield><subfield code="w">(DLC)sn 88003053</subfield></datafield><datafield ind1="1" ind2="7" tag="785"><subfield code="t">Daily herald (Lake Havasu City, Ariz.)</subfield><subfield code="w">(DLC)sn 94004094</subfield></datafield><datafield ind1="1" ind2="7" tag="785"><subfield code="t">Today's news-herald</subfield><subfield code="x">1084-9009</subfield><subfield code="w">(DLC)sn 95060571</subfield></datafield></record>